<record><leader>00000cas a2200000Ia 4500</leader><controlfield tag="001">16744230</controlfield><controlfield tag="008">870924d1935193uvaumr ne      0   a0eng d</controlfield><datafield ind1=" " ind2=" " tag="010"><subfield code="a">sn 99066831 </subfield></datafield><datafield ind1=" " ind2=" " tag="040"><subfield code="a">VA@</subfield><subfield code="b">eng</subfield><subfield code="c">VA@</subfield><subfield code="d">NVK</subfield><subfield code="d">OCLCQ</subfield></datafield><datafield ind1=" " ind2=" " tag="043"><subfield code="a">n-us-va</subfield></datafield><datafield ind1=" " ind2=" " tag="090"><subfield code="a">SB144.V8</subfield><subfield code="b">L63</subfield></datafield><datafield ind1="0" ind2="0" tag="245"><subfield code="a">Lonesome pine chronicle.</subfield></datafield><datafield ind1=" " ind2=" " tag="260"><subfield code="a">Clinchport, Va. :</subfield><subfield code="b">C.C.C. Co. 355</subfield></datafield><datafield ind1=" " ind2=" " tag="300"><subfield code="a">v. :</subfield><subfield code="b">ill. ;</subfield><subfield code="c">28 cm.</subfield></datafield><datafield ind1=" " ind2=" " tag="310"><subfield code="a">Monthly</subfield></datafield><datafield ind1="1" ind2=" " tag="362"><subfield code="a">Began in 1935; ceased in 1936?</subfield></datafield><datafield ind1=" " ind2=" " tag="500"><subfield code="a">Mimeographed.</subfield></datafield><datafield ind1=" " ind2=" " tag="530"><subfield code="a">Available on microfiche from the Center for Research Libraries.</subfield></datafield><datafield ind1=" " ind2=" " tag="580"><subfield code="a">C.C.C. Co. 355 later published: Whispering breeze.</subfield></datafield><datafield ind1=" " ind2=" " tag="588"><subfield code="a">Description based on: Vol. 1, no. 8 (Jan. 27, 1936).</subfield></datafield><datafield ind1=" " ind2=" " tag="588"><subfield code="a">Latest issue consulted: Oct. 29, 1936.</subfield></datafield><datafield ind1="2" ind2="0" tag="610"><subfield code="a">Civilian Conservation Corps (U.S.)</subfield><subfield code="v">Newspapers.</subfield></datafield><datafield ind1=" " ind2="0" tag="651"><subfield code="a">Clinchport (Va.)</subfield><subfield code="v">Newspapers.</subfield></datafield><datafield ind1="2" ind2=" " tag="710"><subfield code="a">Civilian Conservation Corps (U.S.).</subfield><subfield code="b">Company 355 (Clinchport, Va.)</subfield></datafield><datafield ind1=" " ind2=" " tag="752"><subfield code="a">United States</subfield><subfield code="b">Virginia</subfield><subfield code="c">Scott</subfield><subfield code="d">Clinchport.</subfield></datafield><datafield ind1="1" ind2=" " tag="787"><subfield code="t">Whispering breeze</subfield><subfield code="w">(DLC)sn 99066825</subfield></datafield></record>